@inproceedings{Dunphy,
 author = {Dunphy, Paul and Nicholson, James and Olivier, Patrick},
 title = {Securing Passfaces for Description},
 booktitle = {Proceedings of the 4th Symposium on Usable Privacy and Security},
 series = {SOUPS '08},
 year = {2008},
 isbn = {978-1-60558-276-4},
 location = {Pittsburgh, Pennsylvania, USA},
 pages = {24--35},
 numpages = {12},
 url = {http://doi.acm.org/10.1145/1408664.1408668},
 doi = {10.1145/1408664.1408668},
 acmid = {1408668},
 publisher = {ACM},
 address = {New York, NY, USA},
 keywords = {description, graphical passwords, passfaces},
} 

@inproceedings{DunphyYan,
 author = {Dunphy, Paul and Yan, Jeff},
 title = {Do Background Images Improve "Draw a Secret" Graphical Passwords?},
 booktitle = {Proceedings of the 14th ACM Conference on Computer and Communications Security},
 series = {CCS '07},
 year = {2007},
 isbn = {978-1-59593-703-2},
 location = {Alexandria, Virginia, USA},
 pages = {36--47},
 numpages = {12},
 url = {http://doi.acm.org/10.1145/1315245.1315252},
 doi = {10.1145/1315245.1315252},
 acmid = {1315252},
 publisher = {ACM},
 address = {New York, NY, USA},
 keywords = {draw a secret, graphical passwords, memorability, security, usable security},
}

@INPROCEEDINGS{contFreeText, 
author={A. Messerman and T. MustafiÄ‡ and S. A. Camtepe and S. Albayrak}, 
booktitle={Biometrics (IJCB), 2011 International Joint Conference on}, 
title={Continuous and non-intrusive identity verification in real-time environments based on free-text keystroke dynamics}, 
year={2011}, 
pages={1-8}, 
keywords={Internet;biometrics (access control);security of data;text analysis;ubiquitous computing;Internet services;authentication requirements;biometrics behavior;free text keystroke dynamics;keystroke dynamics;nonintrusive identity verification;password security;real-time environments;ubiquitous computing;workstation attacks;Boolean functions;Data structures}, 
doi={10.1109/IJCB.2011.6117552}, 
month={Oct},}

@inproceedings{bello2010collection,
  title={Collection and publication of a fixed text keystroke dynamics dataset},
  author={Bello, Luciano and Bertacchini, Maximiliano and Benitez, Carlos and Pizzoni, Juan Carlos and Cipriano, Marcelo},
  booktitle={XVI Congreso Argentino de Ciencias de la Computaci{\'o}n},
  year={2010}
}

@inproceedings{maiorana2011keystroke,
  title={Keystroke dynamics authentication for mobile phones},
  author={Maiorana, Emanuele and Campisi, Patrizio and Gonz{\'a}lez-Carballo, Noelia and Neri, Alessandro},
  booktitle={Proceedings of the 2011 ACM Symposium on Applied Computing},
  pages={21--26},
  year={2011},
  organization={ACM}
}

@article{Bergadano:2002,
 author = {Bergadano, Francesco and Gunetti, Daniele and Picardi, Claudia},
 title = {User Authentication Through Keystroke Dynamics},
 journal = {ACM Trans. Inf. Syst. Secur.},
 issue_date = {November 2002},
 volume = {5},
 number = {4},
 month = nov,
 year = {2002},
 issn = {1094-9224},
 pages = {367--397},
 numpages = {31},
 url = {http://doi.acm.org/10.1145/581271.581272},
 doi = {10.1145/581271.581272},
 acmid = {581272},
 publisher = {ACM},
 address = {New York, NY, USA},
 keywords = {Biometric techniques, keystroke analysis},
} 

@article{Gunetti:2005,
 author = {Gunetti, Daniele and Picardi, Claudia},
 title = {Keystroke Analysis of Free Text},
 journal = {ACM Trans. Inf. Syst. Secur.},
 issue_date = {August 2005},
 volume = {8},
 number = {3},
 month = aug,
 year = {2005},
 issn = {1094-9224},
 pages = {312--347},
 numpages = {36},
 url = {http://doi.acm.org/10.1145/1085126.1085129},
 doi = {10.1145/1085126.1085129},
 acmid = {1085129},
 publisher = {ACM},
 address = {New York, NY, USA},
 keywords = {Biometric techniques, identity verification, keystroke analysis of free text},
} 

@article{sznur2015advances,
  title={Advances in Keystroke Dynamics Techniques to Group Users Sessions},
  author={Sznur, Sebastian},
  journal={International Journal of Information Security Science},
  volume={4},
  number={2},
  pages={26--38},
  year={2015}
}

@article{alsultan2013keystroke,
  title={Keystroke dynamics authentication: a survey of free-text methods},
  author={Alsultan, Arwa and Warwick, Kevin},
  journal={International Journal of Computer Science Issues},
  volume={10},
  number={4},
  pages={1--10},
  year={2013},
  publisher={Citeseer}
}

@article{keyStrokeDynamics,
author = "Kacholia V. and Pandit S.",
title = "Biometric authentication using random distributions",
year = "2004"
}

@online{arsTech,
    author =  "Nate Anderson",
    year = "2010",
    url = "http://arstechnica.com/tech-policy/2010/02/firm-uses-typing-cadence-to-finger-unauthorized-users/",
    urldate = {2016-24-03}
}